<?xml version='1.0' ?>
<record xmlns="http://www.loc.gov/MARC21/slim" xsi:schemaLocation="http://www.loc.gov/MARC21/slim schema.xsd" type="Bibliographic"
    xmlns:xsi="http://www.w3.org/2001/XMLSchema-instance">
    <leader>00000nam a2200000zca4500</leader>
    <controlfield tag="001">990079940640203331</controlfield>
    <controlfield tag="005">20170703041800.0</controlfield>
    <datafield tag="245" ind1="0" ind2="0">
        <subfield code="a">Proceedings of the 3rd International Brain-Computer Interface Workshop and Training Course</subfield>
        <subfield code="b">Subtitle field.</subfield>
        <subfield code="c">hrsg. von Josef Frank</subfield>
    </datafield>
    <datafield tag="650" ind1=" " ind2="4">
        <subfield code="g">Test</subfield>
    </datafield>
    <datafield tag="650" ind1=" " ind2="4">
        <subfield code="g">Invenio</subfield>
    </datafield>
    <datafield tag="650" ind1=" " ind2="4">
        <subfield code="g">TUGraz</subfield>
    </datafield>
    <datafield tag="650" ind1=" " ind2="4">
        <subfield code="a">Marc21</subfield>
    </datafield>
    <datafield tag="520" ind1=" " ind2=" ">
        <subfield code="a">A wonderful serenity has taken possession of my entire soul, like these sweet mornings of spring which I enjoy with my whole heart. I am alone, and feel the charm of existence in this spot, which was created for the bliss of souls like mine. I am so happy, my dear friend, so absorbed in the exquisite sense of mere tranquil existence, that I neglect my talents. I should be incapable of drawing a single stroke at the present moment; and yet I feel that I never was a greater artist than now. When, while the lovely valley teems with vapour around me, and the meridian sun strikes the upper surface of the impenetrable foliage of my trees, and but a few stray gleams steal into the inner sanctuary, I throw myself down among the tall grass by the trickling stream; and, as I lie close to the earth, a thousand unknown plants are noticed by me: when I hear the buzz of the little world among the stalks, and grow familiar with the countless indescribable forms of the insects and flies, then I feel the presence of the Almighty, who formed us in his own image, and the breath </subfield>
    </datafield>
    <datafield tag="264" ind1=" " ind2="0">
        <subfield code="a">Tu Graz</subfield>
        <subfield code="b">Hulk</subfield>
        <subfield code="b">Thor</subfield>
        <subfield code="b">Captain</subfield>
        <subfield code="b">Black Widow</subfield>
        <subfield code="c">2004</subfield>
    </datafield>
    <datafield tag="300" ind1=" " ind2=" ">
        <subfield code="a">2.000.000</subfield>
    </datafield>
    <datafield tag="100" ind1="1" ind2=" ">
        <subfield code="u">Institute of Solid State Physics (5130)</subfield>
    </datafield>
    <datafield tag="020" ind1=" " ind2=" ">
        <subfield code="a">3-902465-46-8</subfield>
    </datafield>
    <datafield tag="362" ind1="0" ind2=" ">
        <subfield code="a">2022</subfield>
    </datafield>
    <datafield tag="260" ind1="3" ind2=" ">
        <subfield code="b">Tu Graz</subfield>
    </datafield>
</record>
